@book{koza92,
		author    = "Koza, John R.",
		title     = "Genetic Programming: On the Programming of Computers by Means of Natural Selection",
		publisher = "MIT Press",
		year      = "1992"
}


@misc{ wiki:latex,
       author = "Wikipedia",
       title = "LaTeX --- Wikipedia{,} La enciclopedia libre",
       year = "2015",
       url = "https://es.wikipedia.org/w/index.php?title=LaTeX&oldid=84209252",
       note = "[Internet; descargado 30-septiembre-2015]"
}

@article{beck2001manifesto,
	title={Manifesto for agile software development},
	author={Beck, Kent and Beedle, Mike and Van Bennekum, Arie and Cockburn, Alistair and Cunningham, Ward and Fowler, Martin and Grenning, James and Highsmith, Jim and Hunt, Andrew and Jeffries, Ron and others},
	year={2001},
	publisher={Snowbird, UT}
}

@article{9936621,
	author={İbrahim, Mülhem and Issa, Bayan and Jasser, Muhammed Basheer},
	journal={IEEE Access}, 
	title={A Method for Automatic Android Malware Detection Based on Static Analysis and Deep Learning}, 
	year={2022},
	volume={10},
	number={},
	pages={117334-117352},
	keywords={Malware;Operating systems;Static analysis;Codes;Deep learning;Smart phones;Feature extraction;Androids;Android;deep learning;malware;mobile security;static analysis},
	doi={10.1109/ACCESS.2022.3219047}
}

@misc{segSocial2025,
	author = {},
	title = {{S}eguridad {S}ocial: {C}otización / {R}ecaudación de {T}rabajadores --- seg-social.es},
	howpublished = {\url{https://www.seg-social.es/wps/portal/wss/internet/Trabajadores/CotizacionRecaudacionTrabajadores/36537#36538}},
	year = {},
}

@misc{forestappForestStay,
	author = {},
	title = {{F}orest - {S}tay focused, be present --- forestapp.cc},
	howpublished = {\url{https://www.forestapp.cc/}},
	year = {},
	note = {[Accessed 05-07-2025]},
}

@inproceedings{arp2014drebin,
	title={Drebin: Effective and explainable detection of android malware in your pocket.},
	author={Arp, Daniel and Spreitzenbarth, Michael and Hubner, Malte and Gascon, Hugo and Rieck, Konrad and Siemens, CERT},
	booktitle={Ndss},
	volume={14},
	number={1},
	pages={23--26},
	year={2014}
}

@inproceedings{Allix:2016:ACM:2901739.2903508,
	author = {Allix, Kevin and Bissyand{\'e}, Tegawend{\'e} F. and Klein, Jacques and Le Traon, Yves},
	title = {AndroZoo: Collecting Millions of Android Apps for the Research Community},
	booktitle = {Proceedings of the 13th International Conference on Mining Software Repositories},
	series = {MSR '16},
	year = {2016},
	isbn = {978-1-4503-4186-8},
	location = {Austin, Texas},
	pages = {468--471},
	numpages = {4},
	url = {http://doi.acm.org/10.1145/2901739.2903508},
	doi = {10.1145/2901739.2903508},
	acmid = {2903508},
	publisher = {ACM},
	address = {New York, NY, USA},
	keywords = {APK, android applications, software repository},
}

@article{europea2009directiva,
	title={Directiva 2009/24/{C}{E} del Parlamento Europeo y el Consejo, de 23 de abril de 2009, sobre la protecci{\'o}n jur{\'\i}dica de programas de ordenador},
	author={Europea, Uni{\'o}n},
	journal={Diario Oficial de la Uni{\'o}n Europea L},
	volume={111},
	number={5},
	pages={16--22},
	year={2009}
}

@misc{crue,
	author = {},
	title = {crue.org},
	howpublished = {\url{https://www.crue.org/wp-content/uploads/2020/02/Directrices_Sosteniblidad_Crue2012.pdf}},
	year = {},
}
