@misc{ wiki:latex,
       author = "Wikipedia",
       title = "LaTeX --- Wikipedia{,} La enciclopedia libre",
       year = "2015",
       howpublished = {\url{https://es.wikipedia.org/w/index.php?title=LaTeX&oldid=84209252}},
       note = "[Internet; descargado 30-septiembre-2015]"
}

@article{ijraset,
	title={A Static Approach for Malware Analysis: A Guide to Analysis Tools and Techniques},
	author={Riya Nair, Kiranbhai R Dodiya, Parth Lakhalani},
	journal={International Journal for Research in Applied Science & Engineering Technology (IJRASET)},
	year={2023},
	volume={11},
	pages={1451-1455},
	doi={\url{https://doi.org/10.22214/ijraset.2023.57649}}
}

@article{senanayake2021android,
	title={Android mobile malware detection using machine learning: A systematic review},
	author={Senanayake, Janaka and Kalutarage, Harsha and Al-Kadri, Mhd Omar},
	journal={Electronics},
	volume={10},
	number={13},
	pages={1606},
	year={2021},
	publisher={MDPI}
}

@article{kim2022mapas,
	title={MAPAS: a practical deep learning-based android malware detection system},
	author={Kim, Jinsung and Ban, Younghoon and Ko, Eunbyeol and Cho, Haehyun and Yi, Jeong Hyun},
	journal={International Journal of Information Security},
	volume={21},
	number={4},
	pages={725--738},
	year={2022},
	publisher={Springer}
}

@article{9936621,
	author={İbrahim, Mülhem and Issa, Bayan and Jasser, Muhammed Basheer},
	journal={IEEE Access}, 
	title={A Method for Automatic Android Malware Detection Based on Static Analysis and Deep Learning}, 
	year={2022},
	volume={10},
	number={},
	pages={117334-117352},
	keywords={Malware;Operating systems;Static analysis;Codes;Deep learning;Smart phones;Feature extraction;Androids;Android;deep learning;malware;mobile security;static analysis},
	doi={10.1109/ACCESS.2022.3219047}
}

@inproceedings{wei2017deep,
	title={Deep ground truth analysis of current android malware},
	author={Wei, Fengguo and Li, Yuping and Roy, Sankardas and Ou, Xinming and Zhou, Wu},
	booktitle={Detection of Intrusions and Malware, and Vulnerability Assessment: 14th International Conference, DIMVA 2017, Bonn, Germany, July 6-7, 2017, Proceedings 14},
	pages={252--276},
	year={2017},
	organization={Springer}
}

@article{kornblum2006identifying,
	title={Identifying almost identical files using context triggered piecewise hashing},
	author={Kornblum, Jesse},
	journal={Digital investigation},
	volume={3},
	pages={91--97},
	year={2006},
	publisher={Elsevier}
}

@inproceedings{arp2014drebin,
  title={Drebin: Effective and explainable detection of android malware in your pocket.},
  author={Arp, Daniel and Spreitzenbarth, Michael and Hubner, Malte and Gascon, Hugo and Rieck, Konrad and Siemens, CERT},
  booktitle={Ndss},
  volume={14},
  number={1},
  pages={23--26},
  year={2014}
}

@inproceedings{spreitzenbarth2013mobile,
  title={Mobile-sandbox: having a deeper look into android applications},
  author={Spreitzenbarth, Michael and Freiling, Felix and Echtler, Florian and Schreck, Thomas and Hoffmann, Johannes},
  booktitle={Proceedings of the 28th annual ACM symposium on applied computing},
  pages={1808--1815},
  year={2013}
}

@inproceedings{Allix:2016:ACM:2901739.2903508,
	author = {Allix, Kevin and Bissyand{\'e}, Tegawend{\'e} F. and Klein, Jacques and Le Traon, Yves},
	title = {AndroZoo: Collecting Millions of Android Apps for the Research Community},
	booktitle = {Proceedings of the 13th International Conference on Mining Software Repositories},
	series = {MSR '16},
	year = {2016},
	isbn = {978-1-4503-4186-8},
	location = {Austin, Texas},
	pages = {468--471},
	numpages = {4},
	url = {http://doi.acm.org/10.1145/2901739.2903508},
	doi = {10.1145/2901739.2903508},
	acmid = {2903508},
	publisher = {ACM},
	address = {New York, NY, USA},
	keywords = {APK, android applications, software repository},
} 

@article{rosenblatt1958perceptron,
	title={The perceptron: a probabilistic model for information storage and organization in the brain.},
	author={Rosenblatt, Frank},
	journal={Psychological review},
	volume={65},
	number={6},
	pages={386},
	year={1958},
	publisher={American Psychological Association}
}

@article{rumelhart1986learning,
	title={Learning representations by back-propagating errors},
	author={Rumelhart, David E and Hinton, Geoffrey E and Williams, Ronald J},
	journal={nature},
	volume={323},
	number={6088},
	pages={533--536},
	year={1986},
	publisher={Nature Publishing Group UK London}
}

@book{minsky2017perceptrons,
	title={Perceptrons, reissue of the 1988 expanded edition with a new foreword by L{\'e}on Bottou: an introduction to computational geometry},
	author={Minsky, Marvin and Papert, Seymour A},
	year={2017},
	publisher={MIT press}
}

@article{mcculloch1943logical,
	title={A logical calculus of the ideas immanent in nervous activity},
	author={McCulloch, Warren S and Pitts, Walter},
	journal={The bulletin of mathematical biophysics},
	volume={5},
	pages={115--133},
	year={1943},
	publisher={Springer}
}

@article{amari2006theory,
	title={A theory of adaptive pattern classifiers},
	author={Amari, Shunichi},
	journal={IEEE Transactions on Electronic Computers},
	number={3},
	pages={299--307},
	year={2006},
	publisher={IEEE}
}
